% ------------------------------------------------------------------------
% SAMPLE BIBLIOGRAPHY FILE
% ------------------------------------------------------------------------

@article{EinsteinEPR,
  title = {Can Quantum-Mechanical Description of Physical Reality Be Considered Complete?},
  author = {Einstein, A. and Podolsky, B. and Rosen, N.},
  journal = {Phys. Rev.},
  volume = {47},
  issue = {10},
  pages = {777--780},
  numpages = {0},
  year = {1935},
  month = {May},
  publisher = {American Physical Society}%,
  doi = {10.1103/PhysRev.47.777},
  url = {http://link.aps.org/doi/10.1103/PhysRev.47.777}
}

@article{Bohm1,
  title = {A Suggested Interpretation of the Quantum Theory in Terms of "Hidden" Variables. I},
  author = {Bohm, David},
  journal = {Phys. Rev.},
  volume = {85},
  issue = {2},
  pages = {166--179},
  numpages = {0},
  year = {1952},
  month = {Jan},
  publisher = {American Physical Society},
  doi = {10.1103/PhysRev.85.166},
  url = {http://link.aps.org/doi/10.1103/PhysRev.85.166}
}

@article{Bohm2,
  title = {A Suggested Interpretation of the Quantum Theory in Terms of "Hidden" Variables. II},
  author = {Bohm, David},
  journal = {Phys. Rev.},
  volume = {85},
  issue = {2},
  pages = {180--193},
  numpages = {0},
  year = {1952},
  month = {Jan},
  publisher = {American Physical Society},
  doi = {10.1103/PhysRev.85.180},
  url = {http://link.aps.org/doi/10.1103/PhysRev.85.180}
}

@article{BellExp72,
  title = {Experimental Test of Local Hidden-Variable Theories},
  author = {Freedman, Stuart J. and Clauser, John F.},
  journal = {Phys. Rev. Lett.},
  volume = {28},
  issue = {14},
  pages = {938--941},
  numpages = {0},
  year = {1972},
  month = {Apr},
  publisher = {American Physical Society},
  doi = {10.1103/PhysRevLett.28.938},
  url = {http://link.aps.org/doi/10.1103/PhysRevLett.28.938}
}

@article{BellExpAspect81,
  title = {Experimental Tests of Realistic Local Theories via Bell's Theorem},
  author = {Aspect, Alain and Grangier, Philippe and Roger, G\'erard},
  journal = {Phys. Rev. Lett.},
  volume = {47},
  issue = {7},
  pages = {460--463},
  numpages = {0},
  year = {1981},
  month = {Aug},
  publisher = {American Physical Society},
  doi = {10.1103/PhysRevLett.47.460},
  url = {http://link.aps.org/doi/10.1103/PhysRevLett.47.460}
}

@Article{BellExpHensen2015,
author={Hensen, B.
and Bernien, H.
and Dreau, A. E.
and Reiserer, A.
and Kalb, N.
and Blok, M. S.
and Ruitenberg, J.
and Vermeulen, R. F. L.
and Schouten, R. N.
and Abellan, C.
and Amaya, W.
and Pruneri, V.
and Mitchell, M. W.
and Markham, M.
and Twitchen, D. J.
and Elkouss, D.
and Wehner, S.
and Taminiau, T. H.
and Hanson, R.},
title={Loophole-free Bell inequality violation using electron spins separated by 1.3 kilometres},
journal={Nature},
year={2015},
month={Oct},
day={29},
publisher={Nature Publishing Group, a division of Macmillan Publishers Limited. All Rights Reserved.},
volume={526},
number={7575},
pages={682-686},
note={Letter},
issn={0028-0836},
url={http://dx.doi.org/10.1038/nature15759}
}

@book{BellSpeakable,
author = "J. S. Bell",
title = {Speakable and Unspeakable in Quantum Mechanics}, 
publisher = {Cambridge University Press}, 
year = {2004},
isbn = {9780511815676}, 
edition = {Second}, 
note = {Cambridge Books Online}, 
url = {http://dx.doi.org/10.1017/CBO9780511815676}
}


@article{GHZ,
   author = "Greenberger, Daniel M. and Horne, Michael A. and Shimony, Abner and Zeilinger, Anton",
   title = "Bell's theorem without inequalities",
   journal = "American Journal of Physics",
   year = "1990",
   volume = "58",
   number = "12", 
   eid = ,
   pages = "1131-1143",
   url = "http://scitation.aip.org/content/aapt/journal/ajp/58/12/10.1119/1.16243",
   doi = "http://dx.doi.org/10.1119/1.16243" 
}

@article{BellOnHiddenVariables,
  title = {On the Problem of Hidden Variables in Quantum Mechanics},
  author = {Bell, John S.},
  journal = {Rev. Mod. Phys.},
  volume = {38},
  issue = {3},
  pages = {447--452},
  numpages = {0},
  year = {1966},
  month = {Jul},
  publisher = {American Physical Society},
  doi = {10.1103/RevModPhys.38.447},
  url = {http://link.aps.org/doi/10.1103/RevModPhys.38.447}
}

@article{KochenSpecker,
	journal = {Journal of Mathematics and Mechanics},
	author = {Simon Kochen and E. P. Specker},
	year = {1967},
	title = {The Problem of Hidden Variables in Quantum Mechanics},
	volume = {17},
	pages = {59--87}
}

@article{Mermin,
  title = {Simple unified form for the major no-hidden-variables theorems},
  author = {Mermin, N. David},
  journal = {Phys. Rev. Lett.},
  volume = {65},
  issue = {27},
  pages = {3373--3376},
  numpages = {0},
  year = {1990},
  month = {Dec},
  publisher = {American Physical Society},
  doi = {10.1103/PhysRevLett.65.3373},
  url = {http://link.aps.org/doi/10.1103/PhysRevLett.65.3373}
}



  	
@article{Peres,
  author={A Peres},
  title={Two simple proofs of the Kochen-Specker theorem},
  journal={Journal of Physics A: Mathematical and General},
  volume={24},
  number={4},
  pages={L175},
  url={http://stacks.iop.org/0305-4470/24/i=4/a=003},
  year={1991},
  abstract={A new proof of the Kochen-Specker theorem uses 33 rays, instead of 117 in the original proof. If the number of dimensions is increased from 3 to 4, only 24 rays are needed.}
}


@ARTICLE{Gleason,
    author = "Andrew Gleason",
     title = "Measures on the Closed Subspaces of a Hilbert Space",
   journal = "Indiana Univ. Math. J.",
  fjournal = "Indiana University Mathematics Journal",
    volume = 6,
      year = 1957,
     issue = 4,
     pages = "885--893",
      issn = "0022-2518",
     coden = "IUMJAB",
   mrclass = "",
}

@book{NielsenChuang,
  Author = {Michael A. Nielsen and Isaac L. Chuang},
  Title = {Quantum Computation and Quantum Information: 10th Anniversary Edition},
  Publisher = {Cambridge University Press},
  Year = {2011},
  ISBN = {1107002176},
  URL = {http://www.amazon.com/Quantum-Computation-Information-Anniversary-Edition/dp/1107002176%3FSubscriptionId%3D0JYN1NVW651KCA56C102%26tag%3Dtechkie-20%26linkCode%3Dxm2%26camp%3D2025%26creative%3D165953%26creativeASIN%3D1107002176}
}


@article {Kocsis1170,
	author = {Kocsis, Sacha and Braverman, Boris and Ravets, Sylvain and Stevens, Martin J. and Mirin, Richard P. and Shalm, L. Krister and Steinberg, Aephraim M.},
	title = {Observing the Average Trajectories of Single Photons in a Two-Slit Interferometer},
	volume = {332},
	number = {6034},
	pages = {1170--1173},
	year = {2011},
	doi = {10.1126/science.1202218},
	publisher = {American Association for the Advancement of Science},
	abstract = {A consequence of the quantum mechanical uncertainty principle is that one may not discuss the path or {\textquotedblleft}trajectory{\textquotedblright} that a quantum particle takes, because any measurement of position irrevocably disturbs the momentum, and vice versa. Using weak measurements, however, it is possible to operationally define a set of trajectories for an ensemble of quantum particles. We sent single photons emitted by a quantum dot through a double-slit interferometer and reconstructed these trajectories by performing a weak measurement of the photon momentum, postselected according to the result of a strong measurement of photon position in a series of planes. The results provide an observationally grounded description of the propagation of subensembles of quantum particles in a two-slit interferometer.},
	issn = {0036-8075},
	URL = {http://science.sciencemag.org/content/332/6034/1170},
	%eprint = {http://science.sciencemag.org/content/332/6034/1170.full.pdf},
	journal = {Science}
}

@book{Detlef,
  Author = {Detlef Dürr and Stefan Teufel},
  Title = {Bohmian Mechanics: The Physics and Mathematics of Quantum Theory},
  Publisher = {Springer},
  Year = {2010},
  ISBN = {3642100406},
  URL = {http://www.amazon.com/Bohmian-Mechanics-Physics-Mathematics-Quantum/dp/3642100406%3FSubscriptionId%3D0JYN1NVW651KCA56C102%26tag%3Dtechkie-20%26linkCode%3Dxm2%26camp%3D2025%26creative%3D165953%26creativeASIN%3D3642100406}
}


@article{NoContextuality,
  title = {Quantum contextuality in the Mermin-Peres square: A hidden-variable perspective},
  author = {La Cour, Brian R.},
  journal = {Phys. Rev. A},
  volume = {79},
  issue = {1},
  pages = {012102},
  numpages = {13},
  year = {2009},
  month = {Jan},
  publisher = {American Physical Society},
  doi = {10.1103/PhysRevA.79.012102},
  url = {http://link.aps.org/doi/10.1103/PhysRevA.79.012102}
}

@article{BohmGHZetc,
  title = {Bohm's interpretation and maximally entangled states},
  author = {Durt, Thomas and Pierseaux, Yves},
  journal = {Phys. Rev. A},
  volume = {66},
  issue = {5},
  pages = {052109},
  numpages = {11},
  year = {2002},
  month = {Nov},
  publisher = {American Physical Society},
  doi = {10.1103/PhysRevA.66.052109},
  url = {http://link.aps.org/doi/10.1103/PhysRevA.66.052109}
}

@article{GHZcontinuous,
  title = {Greenberger-Horne-Zeilinger paradox for continuous variables},
  author = {Massar, Serge and Pironio, Stefano},
  journal = {Phys. Rev. A},
  volume = {64},
  issue = {6},
  pages = {062108},
  numpages = {5},
  year = {2001},
  month = {Nov},
  publisher = {American Physical Society},
  doi = {10.1103/PhysRevA.64.062108},
  url = {http://link.aps.org/doi/10.1103/PhysRevA.64.062108}
}

@article{BellMacroscopic,
  title = {Proposal for a macroscopic test of local realism with phase-space measurements},
  author = {Arora, Atul S. and Asadian, Ali},
  journal = {Phys. Rev. A},
  volume = {92},
  issue = {6},
  pages = {062107},
  numpages = {8},
  year = {2015},
  month = {Dec},
  publisher = {American Physical Society},
  doi = {10.1103/PhysRevA.92.062107},
  url = {http://link.aps.org/doi/10.1103/PhysRevA.92.062107}
}

@book{schrNum,
  title = {Numerical Resolution Of The Schrödinger Equation},
  author = {Jørgensen, Loren and Cardozo, David Lopes and Thibierge, Etienne},
  url = {http://www.pa.msu.edu/~duxbury/courses/phy480/SchrodingerDynamics.pdf}
}


@article{roySingh,
author = {Roy, S. M. and Singh, Virendra},
title = {Causal Quantum Mechanics Treating Position And Momentum Symmetrically},
journal = {Modern Physics Letters A},
volume = {10},
number = {08},
pages = {709-716},
year = {1995},
doi = {10.1142/S0217732395000752},

URL = {http://www.worldscientific.com/doi/abs/10.1142/S0217732395000752},
%eprint = {http://www.worldscientific.com/doi/pdf/10.1142/S0217732395000752}
}

@article{symmetrizationIdentical,
  title = {Symmetrization Postulate and Its Experimental Foundation},
  author = {Messiah, A. M. L. and Greenberg, O. W.},
  journal = {Phys. Rev.},
  volume = {136},
  issue = {1B},
  pages = {B248--B267},
  numpages = {0},
  year = {1964},
  month = {Oct},
  publisher = {American Physical Society},
  doi = {10.1103/PhysRev.136.B248},
  url = {http://link.aps.org/doi/10.1103/PhysRev.136.B248}
}

@article{contextualityPhaseSpace,
  title = {Contextuality in Phase Space},
  author = {Asadian, Ali and Budroni, Costantino and Steinhoff, Frank E. S. and Rabl, Peter and G\"uhne, Otfried},
  journal = {Phys. Rev. Lett.},
  volume = {114},
  issue = {25},
  pages = {250403},
  numpages = {5},
  year = {2015},
  month = {Jun},
  publisher = {American Physical Society},
  doi = {10.1103/PhysRevLett.114.250403},
  url = {http://link.aps.org/doi/10.1103/PhysRevLett.114.250403}
}

@misc{gitHubThesisSim,
  title = {Master of Science, Thesis; Numerical Simulation of Bohmian Trajectories},
  author = {Atul Singh Arora},
  howpublished={\href{https://github.com/toAtulArora/msThesis/tree/master/numerics/}{github.com/toAtulArora/msThesis/}}
}